[gd_scene load_steps=10 format=3 uid="uid://btrikhqe0f1te"]

[ext_resource type="Script" path="res://Mob.gd" id="1_30dno"]
[ext_resource type="Texture2D" uid="uid://potlgm4atx54" path="res://art/enemyFlyingAlt_1.png" id="1_p6q5l"]
[ext_resource type="Texture2D" uid="uid://dyl7kvxiec0jb" path="res://art/enemyFlyingAlt_2.png" id="2_ylmwm"]
[ext_resource type="Texture2D" uid="uid://djcx386uuif0w" path="res://art/enemySwimming_1.png" id="3_n8fts"]
[ext_resource type="Texture2D" uid="uid://ci271d5ynsw1r" path="res://art/enemySwimming_2.png" id="4_l77lk"]
[ext_resource type="Texture2D" uid="uid://dq3juekax4kr6" path="res://art/enemyWalking_1.png" id="5_2h4rg"]
[ext_resource type="Texture2D" uid="uid://dtj1di1n0tkdy" path="res://art/enemyWalking_2.png" id="6_2y77c"]

[sub_resource type="SpriteFrames" id="SpriteFrames_ufvo2"]
animations = [{
"frames": [{
"duration": 1.0,
"texture": ExtResource("1_p6q5l")
}, {
"duration": 1.0,
"texture": ExtResource("2_ylmwm")
}],
"loop": true,
"name": &"fly",
"speed": 3.0
}, {
"frames": [{
"duration": 1.0,
"texture": ExtResource("3_n8fts")
}, {
"duration": 1.0,
"texture": ExtResource("4_l77lk")
}],
"loop": true,
"name": &"swim",
"speed": 3.0
}, {
"frames": [{
"duration": 1.0,
"texture": ExtResource("5_2h4rg")
}, {
"duration": 1.0,
"texture": ExtResource("6_2y77c")
}],
"loop": true,
"name": &"walk",
"speed": 3.0
}]

[sub_resource type="CapsuleShape2D" id="CapsuleShape2D_3mr0k"]
radius = 37.0
height = 102.0

[node name="Mob" type="RigidBody2D" groups=["mobs"]]
position = Vector2(1, 0)
collision_layer = 3
gravity_scale = 0.0
script = ExtResource("1_30dno")
metadata/_edit_group_ = true

[node name="AnimatedSprite2D" type="AnimatedSprite2D" parent="."]
scale = Vector2(0.75, 0.75)
sprite_frames = SubResource("SpriteFrames_ufvo2")
animation = &"fly"

[node name="CollisionShape2D" type="CollisionShape2D" parent="."]
rotation = 1.5708
shape = SubResource("CapsuleShape2D_3mr0k")

[node name="VisibleOnScreenNotifier2D" type="VisibleOnScreenNotifier2D" parent="."]

[connection signal="body_entered" from="." to="." method="_on_body_entered"]
[connection signal="screen_exited" from="VisibleOnScreenNotifier2D" to="." method="_on_visible_on_screen_notifier_2d_screen_exited"]
